@article{Appen_submesoscale_2018,
  year    = {2018},
  title   = {{Observations of a Submesoscale Cyclonic Filament in the Marginal Ice Zone}},
  author  = {Appen, Wilken‐Jon and Wekerle, Claudia and Hehemann, Laura and Schourup‐Kristensen, Vibe and Konrad, Christian and Iversen, Morten H.},
  journal = {Geophysical Research Letters},
  issn    = {0094-8276},
  doi     = {10.1029/2018gl077897},
  pages   = {6141--6149},
  number  = {12},
  volume  = {45}
}

@article{Aue_cyclone_2022,
  author   = {Aue, Lars and Vihma, Timo and Uotila, Petteri and Rinke, Annette},
  title    = {New Insights Into Cyclone Impacts on Sea Ice in the Atlantic Sector of the Arctic Ocean in Winter},
  journal  = {Geophysical Research Letters},
  volume   = {49},
  number   = {22},
  pages    = {e2022GL100051},
  keywords = {cyclones, sea ice, sea ice-atmosphere interactions},
  doi      = {https://doi.org/10.1029/2022GL100051},
  year     = {2022}
}

@article{Bashmachnikov_heat_transport_2023,
  year    = {2023},
  title   = {{Heat Transport by Mesoscale Eddies in the Norwegian and Greenland Seas}},
  author  = {Bashmachnikov, I. L. and Raj, R. P. and Golubkin, P. and Kozlov, I. E.},
  journal = {Journal of Geophysical Research: Oceans},
  issn    = {2169-9275},
  doi     = {10.1029/2022jc018987},
  number  = {2},
  volume  = {128}
}


@article{blanke_TKE_1993,
  title       = {{Variability of the Tropical Atlantic Ocean Simulated by a General Circulation Model with Two Different Mixed-Layer Physics}},
  author      = {Blanke, Bruno and Del{\'e}cluse, Pascale},
  journal     = {{Journal of Physical Oceanography}},
  publisher   = {{American Meteorological Society}},
  volume      = {23},
  pages       = {1363--1388},
  year        = {1993},
  doi         = {10.1175/1520-0485(1993)023<1363:VOTTAO>2.0.CO;2},
  hal_id      = {hal-01143309},
  hal_version = {v1}
}	


@article{Brenner_front_2020,
  year    = {2020},
  title   = {{The evolution of a shallow front in the Arctic marginal ice zone}},
  author  = {Brenner, Samuel and Rainville, Luc and Thomson, Jim and Lee, Craig},
  journal = {Elem Sci Anth},
  doi     = {10.1525/elementa.413},
  pages   = {17},
  volume  = {8}
}

@article{Carmack_beta_ocean_2007,
  year    = {2007},
  title   = {{The alpha/beta ocean distinction: A perspective on freshwater fluxes, convection, nutrients and productivity in high-latitude seas}},
  author  = {Carmack, Eddy C.},
  journal = {Deep Sea Research Part II: Topical Studies in Oceanography},
  issn    = {0967-0645},
  doi     = {10.1016/j.dsr2.2007.08.018},
  pages   = {2578--2598},
  number  = {23-26},
  volume  = {54}
}

@article{Cassianides_eddy_2021,
  year     = {2021},
  keywords = {ice_dynamics},
  title    = {{Ocean Eddy Signature on SAR‐Derived Sea Ice Drift and Vorticity}},
  author   = {Cassianides, Angelina and Lique, Camille and Korosov, Anton},
  journal  = {Geophysical Research Letters},
  issn     = {0094-8276},
  doi      = {10.1029/2020gl092066},
  number   = {6},
  volume   = {48}
}

@article{Cassianides_eddy_2023,
  year    = {2023},
  title   = {{Observed Spatio‐Temporal Variability of the Eddy‐Sea Ice Interactions in the Arctic Basin}},
  author  = {Cassianides, Angélina and Lique, Camille and Tréguier, Anne‐Marie and Meneghello, Gianluca and Marez, Charly},
  journal = {Journal of Geophysical Research: Oceans},
  issn    = {2169-9275},
  doi     = {10.1029/2022jc019469},
  number  = {6},
  volume  = {128}
}

@article{Crawford_open_water_2021,
  year    = {2021},
  title   = {{Arctic open-water periods are projected to lengthen dramatically by 2100}},
  author  = {Crawford, Alex and Stroeve, Julienne and Smith, Abigail and Jahn, Alexandra},
  journal = {Communications Earth \& Environment},
  doi     = {10.1038/s43247-021-00183-x},
  pages   = {109},
  number  = {1},
  volume  = {2}
}

@book{EOS_80,
  title     = {Algorithms for the computation of fundamental properties of seawater.},
  author    = {Fofonoff, Nicholas Paul and Millard Jr, RC},
  year      = {1983},
  publisher = {UNESCO}
}


@article{Fine_Microstructure_2018,
  year    = {2018},
  title   = {{Microstructure observations of turbulent heat fluxes in a warm-core Canada Basin eddy Microstructure observations of turbulent heat fluxes in a warm-core Canada Basin eddy}},
  author  = {Fine, Elizabeth C. and MacKinnon, Jennifer A. and Alford, Matthew H. and Mickett, John B.},
  journal = {Journal of Physical Oceanography},
  issn    = {0022-3670},
  doi     = {10.1175/jpo-d-18-0028.1},
  pages   = {2397--2418},
  number  = {10},
  volume  = {48}
}


@article{Footprints_Manucharyan_2022,
  year    = {2022},
  title   = {{Heavy footprints of upper-ocean eddies on weakened Arctic sea ice in marginal ice zones}},
  author  = {Manucharyan, Georgy E. and Thompson, Andrew F.},
  journal = {Nature Communications},
  doi     = {10.1038/s41467-022-29663-0},
  pmid    = {35444177},
  pages   = {2147},
  number  = {1},
  volume  = {13}
}


@article{GLORYS12,
  author  = {Jean-Michel, Lellouche and Eric, Greiner and Romain, Bourdallé-Badie and Gilles, Garric and Angélique, Melet and Marie, Drévillon and Clément, Bricaud and Mathieu, Hamon and Olivier, Le Galloudec and Charly, Regnier and Tony, Candela and Charles-Emmanuel, Testut and Florent, Gasparin and Giovanni, Ruggiero and Mounir, Benkiran and Yann, Drillet and Pierre-Yves, Le Traon},
  title   = {The Copernicus Global 1/12° Oceanic and Sea Ice GLORYS12 Reanalysis},
  journal = {Frontiers in Earth Science},
  volume  = {9},
  year    = {2021},
  doi     = {10.3389/feart.2021.698876},
  issn    = {2296-6463}
}


@article{Gupta_melt_2020,
  year     = {2020},
  keywords = {ice_dynamics},
  title    = {{Sea‐Ice Melt Driven by Ice‐Ocean Stresses on the Mesoscale}},
  author   = {Gupta, Mukund and Marshall, John and Song, Hajoon and Campin, Jean‐Michel and Meneghello, Gianluca},
  journal  = {Journal of Geophysical Research: Oceans},
  issn     = {2169-9275},
  doi      = {10.1029/2020jc016404},
  number   = {11},
  volume   = {125}
}


@article{Gupta_melt_2022,
  year    = {2022},
  title   = {{Regimes of Sea‐Ice Floe Melt: Ice‐Ocean Coupling at the Submesoscales}},
  author  = {Gupta, Mukund and Thompson, Andrew F.},
  journal = {Journal of Geophysical Research: Oceans},
  issn    = {2169-9275},
  doi     = {10.1029/2022jc018894},
  number  = {9},
  volume  = {127}
}



@article{Halloran_drivers_2020,
  year    = {2020},
  title   = {{Natural drivers of multidecadal Arctic sea ice variability over the last millennium}},
  author  = {Halloran, Paul R. and Hall, Ian R. and Menary, Matthew and Reynolds, David J. and Scourse, James D. and Screen, James A. and Bozzo, Alessio and Dunstone, Nick and Phipps, Steven and Schurer, Andrew P. and Sueyoshi, Tetsuo and Zhou, Tianjun and Garry, Freya},
  journal = {Scientific Reports},
  doi     = {10.1038/s41598-020-57472-2},
  pmid    = {31959798},
  pmcid   = {PMC6971300},
  pages   = {688},
  number  = {1},
  volume  = {10}
}


@article{Hersbach_ERA5_2020,
  author   = {Hersbach, Hans and Bell, Bill and Berrisford, Paul and Hirahara, Shoji and Horányi, András and Muñoz-Sabater, Joaquín and Nicolas, Julien and Peubey, Carole and Radu, Raluca and Schepers, Dinand and Simmons, Adrian and Soci, Cornel and Abdalla, Saleh and Abellan, Xavier and Balsamo, Gianpaolo and Bechtold, Peter and Biavati, Gionata and Bidlot, Jean and Bonavita, Massimo and De Chiara, Giovanna and Dahlgren, Per and Dee, Dick and Diamantakis, Michail and Dragani, Rossana and Flemming, Johannes and Forbes, Richard and Fuentes, Manuel and Geer, Alan and Haimberger, Leo and Healy, Sean and Hogan, Robin J. and Hólm, Elías and Janisková, Marta and Keeley, Sarah and Laloyaux, Patrick and Lopez, Philippe and Lupu, Cristina and Radnoti, Gabor and de Rosnay, Patricia and Rozum, Iryna and Vamborg, Freja and Villaume, Sebastien and Thépaut, Jean-Noël},
  title    = {The ERA5 global reanalysis},
  journal  = {Quarterly Journal of the Royal Meteorological Society},
  volume   = {146},
  number   = {730},
  pages    = {1999-2049},
  keywords = {climate reanalysis, Copernicus Climate Change Service, data assimilation, ERA5, historical observations},
  doi      = {https://doi.org/10.1002/qj.3803},
  year     = {2020}
}


@article{Horvat_ice_2018,
  year     = {2018},
  rating   = {5},
  keywords = {ice_dynamics,eddy},
  title    = {{Understanding Melting due to Ocean Eddy Heat Fluxes at the Edge of Sea-Ice Floes}},
  author   = {Horvat, Christopher and Tziperman, Eli},
  journal  = {Geophysical Research Letters},
  issn     = {0094-8276},
  doi      = {10.1029/2018gl079363},
  pages    = {9721--9730},
  number   = {18},
  volume   = {45}
}


@article{HuEA_rivers_2019,
  title   = {Pacific Water Pathway in the Arctic Ocean and Beaufort Gyre in Two Simulations With Different Horizontal Resolutions},
  author  = {Hu, Xianmin and Myers, Paul G and Lu, Youyu},
  journal = {Journal of Geophysical Research: Oceans},
  volume  = {124},
  number  = {8},
  pages   = {6414--6432},
  year    = {2019}
}

@inbook{IPCC_arctic_2022,
  place     = {Cambridge},
  title     = {Polar Regions},
  doi       = {10.1017/9781009157964.005},
  booktitle = {The Ocean and Cryosphere in a Changing Climate: Special Report of the Intergovernmental Panel on Climate Change},
  publisher = {Cambridge University Press},
  author    = {{Intergovernmental Panel on Climate Change (IPCC)}},
  year      = {2022},
  pages     = {203–320}
}

@article{Johannessen_eddy_1987,
  author  = {O. M. Johannessen  and J. A. Johannessen  and E. Svendsen  and R. A. Shuchman  and W. J. Campbell  and E. Josberger },
  title   = {Ice-Edge Eddies in the Fram Strait Marginal Ice Zone},
  journal = {Science},
  volume  = {236},
  number  = {4800},
  pages   = {427-429},
  year    = {1987},
  doi     = {10.1126/science.236.4800.427}
}

@software{josue_martinez_moreno_2024_13358894,
  author    = {Mart\'inez-Moreno, Josu\'e},
  title     = {{josuemtzmo/Ice\_formation: 0.01 (v0.01). [Software]}},
  month     = aug,
  year      = 2024,
  publisher = {Zenodo},
  version   = {v0.01},
  doi       = {10.5281/zenodo.13358893},
  url       = {https://doi.org/10.5281/zenodo.13358893}
}

@article{Kozlov_eddies_2020,
  author  = {Kozlov, I. E. and Plotnikov, E. V. and Manucharyan, G. E.},
  title   = {Brief Communication: Mesoscale and submesoscale dynamics in the marginal ice
             zone from sequential synthetic aperture radar observations},
  journal = {The Cryosphere},
  volume  = {14},
  year    = {2020},
  number  = {9},
  pages   = {2941--2947},
  doi     = {10.5194/tc-14-2941-2020}
}

@article{Large_global_2009,
  year     = {2009},
  title    = {{The global climatology of an interannually varying air–sea flux data set}},
  author   = {Large, WG and Yeager, SG},
  journal  = {Climate Dynamics},
  issn     = {0930-7575},
  doi      = {10.1007/s00382-008-0441-3},
  pages    = {341--364},
  number   = {2-3},
  volume   = {33},
  keywords = {}
}

@article{Lewis_motion_1998,
  year    = {1998},
  title   = {{Motion‐induced stresses in pack ice}},
  author  = {Lewis, James K. and Richter‐Menge, J. A.},
  journal = {Journal of Geophysical Research: Oceans},
  issn    = {0148-0227},
  doi     = {10.1029/98jc01262},
  pages   = {21831--21843},
  number  = {C10},
  volume  = {103}
}


@article{Li_intensification_2024,
  year    = {2024},
  title   = {{Eddy activity in the Arctic Ocean projected to surge in a warming world}},
  author  = {Li, Xinyue and Wang, Qiang and Danilov, Sergey and Koldunov, Nikolay and Liu, Caili and Müller, Vasco and Sidorenko, Dmitry and Jung, Thomas},
  journal = {Nature Climate Change},
  issn    = {1758-678X},
  doi     = {10.1038/s41558-023-01908-w},
  pages   = {1--7}
}


@inbook{Locarnini_data_2010,
  author = {Locarnini, R. and Mishonov, Alexey and Antonov, J. and Boyer, T. and Garcia, Hernan and Baranova, O. and Zweng, M. and Johnson, Daphne},
  year   = {2010},
  month  = {01},
  pages  = {184},
  title  = {World Ocean Atlas 2009, Vol. 1: Temperature},
  volume = {68},
  editor = {Levitus, Sydney}
}

@article{Lu_mixing_2015,
  year    = {2015},
  title   = {{Lateral mixing across ice meltwater fronts of the Chukchi Sea shelf}},
  author  = {Lu, K. and Weingartner, T. and Danielson, S. and Winsor, P. and Dobbins, E. and Martini, K. and Statscewich, H.},
  journal = {Geophysical Research Letters},
  issn    = {0094-8276},
  doi     = {10.1002/2015gl064967},
  pages   = {6754--6761},
  number  = {16},
  volume  = {42}
}


@article{Manley_eddies_1985,
  year    = {1985},
  title   = {{Mesoscale eddies of the Arctic Ocean}},
  author  = {Manley, T. O. and Hunkins, Kenneth},
  journal = {Journal of Geophysical Research: Oceans},
  issn    = {0148-0227},
  doi     = {10.1029/jc090ic03p04911},
  pages   = {4911--4930},
  number  = {C3},
  volume  = {90}
}



@article{Manucharyan_Ice_dynamics_2017,
  year     = {2017},
  rating   = {5},
  keywords = {ice_dynamics},
  title    = {{Submesoscale Sea Ice‐Ocean Interactions in Marginal Ice Zones}},
  author   = {Manucharyan, Georgy E. and Thompson, Andrew F.},
  journal  = {Journal of Geophysical Research: Oceans},
  issn     = {2169-9275},
  doi      = {10.1002/2017jc012895},
  pages    = {9455--9475},
  number   = {12},
  volume   = {122}
}


@article{Martin_trend_2014,
  year    = {2014},
  title   = {{Seasonality and long‐term trend of Arctic Ocean surface stress in a model}},
  author  = {Martin, Torge and Steele, Michael and Zhang, Jinlun},
  journal = {Journal of Geophysical Research: Oceans},
  issn    = {2169-9275},
  doi     = {10.1002/2013jc009425},
  pages   = {1723--1738},
  number  = {3},
  volume  = {119}
}


@misc{martinez_moreno_2023_10205736,
  author    = {Mart\'inez-Moreno, Josu\'e},
  title     = {{NEMO configuration of eddy-sea ice interactions 
               during the freezing season [Software]}},
  month     = nov,
  year      = 2023,
  publisher = {Zenodo},
  version   = {V1},
  doi       = {10.5281/zenodo.10205736},
  url       = {https://doi.org/10.5281/zenodo.10205736}
}

@article{Mcnutt_spatial_2003,
  year    = {2003},
  title   = {{Spatial hierarchy in Arctic sea ice dynamics}},
  author  = {Mcnutt, S Lyn and Overland, James E},
  journal = {Tellus A},
  issn    = {0280-6495},
  doi     = {10.1034/j.1600-0870.2003.00012.x},
  pages   = {181--191},
  number  = {2},
  volume  = {55}
}

@article{McPhee_intensification_2013,
  year    = {2013},
  title   = {{Intensification of Geostrophic Currents in the Canada Basin, Arctic Ocean}},
  author  = {McPhee, Miles G.},
  journal = {Journal of Climate},
  issn    = {0894-8755},
  doi     = {10.1175/jcli-d-12-00289.1},
  pages   = {3130--3138},
  number  = {10},
  volume  = {26}
}

@article{Morison_relaxation_2006,
  year    = {2006},
  title   = {{Relaxation of central Arctic Ocean hydrography to pre‐1990s climatology}},
  author  = {Morison, J. and Steele, M. and Kikuchi, T. and Falkner, K. and Smethie, W.},
  journal = {Geophysical Research Letters},
  issn    = {0094-8276},
  doi     = {10.1029/2006gl026826},
  number  = {17},
  volume  = {33}
}

@misc{NEMO_man,
  author    = {Gurvan Madec and Romain Bourdallé-Badie and Jérôme Chanut and Emanuela Clementi and Andrew Coward and Christian Ethé and Doroteaciro Iovino and Dan Lea and Claire Lévy and Tomas Lovato and Nicolas Martin and Sébastien Masson and Silvia Mocavero and Clément Rousset and Dave Storkey and Simon Müeller and George Nurser and Mike Bell and Guillaume Samson and Pierre Mathiot and Francesca Mele and Aimie Moulin},
  title     = {NEMO ocean engine},
  month     = mar,
  year      = 2022,
  publisher = {Zenodo},
  version   = {v4.2.0},
  doi       = {10.5281/zenodo.6334656}
}

@article{Nurser_rossby_2014,
  year    = {2014},
  title   = {{The Rossby radius in the Arctic Ocean}},
  author  = {Nurser, A. J. G. and Bacon, S.},
  journal = {Ocean Science},
  doi     = {10.5194/os-10-967-2014},
  pages   = {967--975},
  number  = {6},
  volume  = {10}
}

@article{PIOMAS,
  author    = {Jinlun Zhang and D. A. Rothrock},
  title     = {Modeling Global Sea Ice with a Thickness and Enthalpy Distribution Model in Generalized Curvilinear Coordinates},
  journal   = {Monthly Weather Review},
  year      = {2003},
  publisher = {American Meteorological Society},
  address   = {Boston MA, USA},
  volume    = {131},
  number    = {5},
  doi       = {10.1175/1520-0493(2003)131<0845:MGSIWA>2.0.CO;2},
  pages     = {845 - 861}
}


@article{Rampal_sea_ice_2008,
  author   = {Rampal, P. and Weiss, J. and Marsan, D. and Lindsay, R. and Stern, H.},
  title    = {Scaling properties of sea ice deformation from buoy dispersion analysis},
  journal  = {Journal of Geophysical Research: Oceans},
  volume   = {113},
  number   = {C3},
  pages    = {},
  keywords = {Sea ice, deformation, scaling law},
  doi      = {https://doi.org/10.1029/2007JC004143},
  year     = {2008}
}

@misc{SEDNA_2023,
  author    = {Talandier, Claude and Lique, Camille},
  title     = {{SEDNA-DELTA}},
  month     = feb,
  year      = 2023,
  publisher = {Zenodo},
  version   = {v1.0},
  doi       = {10.5281/zenodo.7656924},
  url       = {https://doi.org/10.5281/zenodo.7656924}
}

@misc{SI3_man,
  title       = {Sea Ice modelling Integrated Initiative ({SI}$^3$) -- The NEMO sea ice engine},
  series      = {Scientific Notes of Climate Modelling Center},
  number      = {31},
  author      = {{NEMO Sea Ice Working Group}},
  institution = {Institut Pierre-Simon Laplace (IPSL)},
  publisher   = {Zenodo},
  issn        = {1288-1619},
  doi         = {10.5281/zenodo.1471689},
  month       = mar,
  year        = 2022
}

@article{Webster_ice_2022,
  issn      = {10428275, 2377617X},
  author    = {Melinda A. Webster and Ignatius Rigor and Nicholas C. Wright},
  journal   = {Oceanography},
  number    = {3/4},
  pages     = {pp. 29--37},
  publisher = {Oceanography Society},
  title     = {Observing Arctic Sea Ice},
  urldate   = {2023-03-20},
  volume    = {35},
  year      = {2022},
  doi       = {10.5670/oceanog.2022.115}
}